@misc{nextcloud-growing,
  author = {Jos Poortvliet},
  title = {{Nextcloud keeps growth up with 75\% more revenue and 10x userbase}},
  howpublished = "\url{https://nextcloud.com/blog/nextcloud-keeps-growth-up-with-75-more-revenue-and-10x-userbase/}",
  year = {2022}, 
}
@incollection{kluyver2016jupyter,
  title={Jupyter Notebooks--a publishing format for reproducible computational workflows},
  author={Kluyver, Thomas and Ragan-Kelley, Benjamin and P{\'e}rez, Fernando and Granger, Brian and Bussonnier, Matthias and Frederic, Jonathan and Kelley, Kyle and Hamrick, Jessica and Grout, Jason and Corlay, Sylvain and others},
  booktitle={Positioning and power in academic publishing: Players, agents and agendas},
  pages={87--90},
  year={2016},
  publisher={IOS press}
}
@article{perkel2018jupyter,
  title={Why Jupyter is data scientists' computational notebook of choice},
  author={Perkel, Jeffrey M},
  journal={Nature},
  volume={563},
  number={7732},
  pages={145--147},
  year={2018},
  publisher={Nature Publishing Group}
}
@article{je2021reactive,
  title={Reactive, reproducible, collaborative: computational notebooks evolve},
  author={JE, O and CT, T},
  journal={Nature},
  volume={593},
  year={2021}
}

@dataset{bosman_2016_49583,
  author       = {Bosman, Jeroen and
                  Kramer, Bianca},
  title        = {{Innovations in scholarly communication - data of 
                   the global 2015-2016 survey}},
  month        = apr,
  year         = 2016,
  publisher    = {Zenodo},
  doi          = {10.5281/zenodo.49583},
  url          = {https://doi.org/10.5281/zenodo.49583}
}
@misc{nextpyter-1,
    author = {Eduard Rubio Cholbi},
    title = {{ NextPyter: Sviluppo, Analisi di Sicurezza e Prestazioni per lâ€™Integrazione Containerizzata di Jupyter Lab in Nextcloud }},
    year = { 2024 }
}
@misc{dind,
    author = { GitHub },
    title = { What are the security implications of using Docker in Docker (dind)? },
    howpublished = { https://github.com/docker-library/docker/issues/116 },
    year = { 2018 }
}
@misc{auth0,
    author = {{ Auth0 }},
    title = {{What is OAuth 2.0?}},
    howpublished = { https://auth0.com/intro-to-iam/what-is-oauth-2 },
}
@misc{keycloak-stats,
    author = {{ 6Sense }},
    title = {{ Keycloak market share }},
    howpublished = {{ https://6sense.com/tech/identity-and-access-management/keycloak-market-share }}
}
@misc{stackoverflow-2024,
    author = {{ Stack Overflow }},
    title = {{ Stack Overflow survey 2024 }},
    howpublished = {{ https://survey.stackoverflow.co/2024/ }}
}
@misc{rust-perf,
    title = {{ Web frameworks benchmarks 2024 }},
    howpublished = {{ https://www.techempower.com/benchmarks/#hw=ph&test=fortune&section=data-r22 }}
}
@misc{owasp-docker,
    title = {{ Docker Security cheatsheet }},
    howpublished = {{ https://cheatsheetseries.owasp.org/cheatsheets/Docker_Security_Cheat_Sheet.html }}
}
@inproceedings{ nextpyter-work-1,
    author = {{Faenza, Francesco and Canali, Claudia and Fregni, Lisa and Maccaferri, Emiliano}},
    title = {{NextPyter: Open-Source Research Collaborative Platform}},
    year = {{2024}},
    isbn = {{9798400704192}},
    publisher = {{Association for Computing Machinery}},
    url = {{ https://doi.org/10.1145/3626203.3670516 }},
    doi = {{ 10.1145/3626203.3670516 }}
}
@inproceedings{ nextpyter-work-2,
    author = {{Faenza, Francesco and Canali, Claudia and Maccaferri, Emiliano}},
    title = {{Containerized Jupyter Notebooks: balancing flexibility and performance}},
    year = {{2024}},
    publisher = {{IEEE}},
}

